% monografie
@book{rybicka-latex,
    publisher = {Konvoj},
    isbn = {80-7302-049-1},
    year = {2003},
    title = {Latex pro začátečníky},
    edition = {3. vyd.},
    language = {czech},
    address = {Brno},
    author = {Rybička, Jiří},
}

% monografie
@book{sonke-opening-science,
    publisher = {Springer International Publishing},
    isbn = {9783319000268},
    year = {2014},
    title = {Opening Science: The Evolving Guide on How the Internet Is Changing Research, Collaboration and Scholarly Publishing},
    language = {english},
    author = {Bartling, S{\"o}nke},
}

% elektronický dokument
@misc{patashnik-bibtexing,
    author = {Patashnik, Oren},
    title = "BIBTEXing",
    year = "1988",
    url = {https://mirrors.nic.cz/tex-archive/biblio/bibtex/base/btxdoc.pdf},
    language = {english},
    note = "[Online], [rev. 1988-02-08], [cit. 2020-04-19]",
}

% elektronický dokument
@misc{fenn-managing-citations,
    author = {Fenn, J{\"o}rgen},
    title = "Managing Citations and Your Bibliography with BibTEX",
    year = "2006",
    url = {https://www.tug.org/pracjourn/2006-4/fenn/fenn.pdf},
    language = {english},
    note = "[Online], [rev. 2007-05-25], [cit. 2020-04-19]",
}

% elektronický dokument
@misc{martinek-czechiso,
    author = {Martinek, David},
    title = "LaTEXové speciality: Český styl pro BibTeX",
    year = "2008",
    url = {http://www.fit.vutbr.cz/~martinek/latex/czechiso.html#06},
    language = {czech},
    note = "[Online], [rev. 2008-10-22], [cit. 2020-04-19]",
}

% elektronický dokument
@misc{hoftich-biblatex-iso690,
    author = {Hoftich, Michal},
    title = "ISO 690 biblatex style",
    year = "2020",
    url = "https://github.com/michal-h21/biblatex-iso690/blob/master/biblatex-iso690.pdf",
    language = {english},
    note = "[Online], Version 0.4.0, [rev. 2020-03-28], [cit. 2020-04-19]",
}

% seriálová publikace
% https://www.cstug.cz/bulletin/pdf/2016-1-4.pdf
@proceedings{cstug-zpravodaj-2016-1,
    issn = {1211-6661},
    publisher = {Československé sdružení uživatelů TEXu},
    organization = {Československé sdružení uživatelů TEXu},
    year = {2016},
    title = {Zpravodaj Československého sdružení uživatelů TEXu},
    language = {czech},
    address = {Brno},
    volume = "26",
}

% článek v seriálové publikaci
% https://ieeexplore-ieee-org.ezproxy.lib.vutbr.cz/document/7438621
@inproceedings{zakova-tracking-resources,
    pages = {1--5},
    publisher = {IEEE},
    booktitle = {2016 Cybernetics \& Informatics},
    isbn = {9781509018321},
    year = {2016},
    title = {Online support for tracking of publication resources},
    language = {english},
    author = {Zakova, Katarina},
    url = {http://search.proquest.com/docview/1816031241/},
}

% článek v seriálové publikaci
% https://ieeexplore-ieee-org.ezproxy.lib.vutbr.cz/stamp/stamp.jsp?tp=&arnumber=7118407
@inproceedings{amjad-jab-ref-ext,
    pages = {245--250},
    publisher = {IEEE},
    booktitle = {2014 12th International Conference on Frontiers of Information Technology},
    isbn = {9781479975051},
    year = {2014},
    title = {An Extension to Jab Ref for Extraction and Processing of Scholarly Articles},
    language = {english},
    author = {Amjad, Sehrish and Mukhtar, Hamid and Malik, Muddassir},
}

% kvalifikační práce
% https://dspace.vutbr.cz/xmlui/bitstream/handle/11012/54636/final-thesis.pdf?sequence=6&isAllowed=y
@mastersthesis{pysny-plaincz,
    school = {Vysoké učení technické v Brně. Fakulta informačních technologií},
    address = {Brno},
    year = {2009},
    title = {BiBTeX styl pro ČSN ISO 690 a ČSN ISO 690-2},
    language = {czech},
    author = {Pyšný, Radek},
    type = {Bakalářská práce},
}

% kvalifikační práce
% https://etd.ohiolink.edu/apexprod/rws_olink/r/1501/10?clear=10&p10_accession_num=wright1202444872
@mastersthesis{thummala-www-bib-tools,
    school = {Wright State University},
    address = {Dayton, Ohio},
    year = {2008},
    title = {Bibliography Tools in the Context of WWW and LATEX},
    language = {english},
    author = {Thummala, Munushree},
}
